001  0000025
005  20180609134045.588
008  170211s||||     bl|||||||||||||||||por|u
020    $a9788564974227
040    $aPorto Alegre$bpor
080    $21997$a869.0(81)-34
090    $a869.0(81)-34$bC693c
100 1  $aColasanti, Marina
245 10 $aComo se fizesse um cavalo$cMarina Colasanti
260    $aSão Paulo$bPulo do gato$c2012
300    $a80 p.
650    $aLiteratura
650    $aLeitores
650    $aLivros 
650    $aContos
650    $aPoesia
650    $aPoema
